<record><leader>00000cas a22000007a 4500</leader><controlfield tag="001">22685551</controlfield><controlfield tag="008">901113d188u1905nyuwr ne      0    0eng d</controlfield><datafield ind1=" " ind2=" " tag="010"><subfield code="a">sn 90066573 </subfield></datafield><datafield ind1=" " ind2=" " tag="040"><subfield code="a">NYS</subfield><subfield code="b">eng</subfield><subfield code="c">NYS</subfield><subfield code="d">OCLCQ</subfield></datafield><datafield ind1=" " ind2=" " tag="042"><subfield code="a">msc</subfield></datafield><datafield ind1="0" ind2="0" tag="245"><subfield code="a">Democratic weekly leader.</subfield></datafield><datafield ind1="3" ind2="0" tag="246"><subfield code="a">Weekly Democratic leader</subfield></datafield><datafield ind1=" " ind2=" " tag="260"><subfield code="a">Binghamton, N.Y. :</subfield><subfield code="b">[s.n.]</subfield></datafield><datafield ind1=" " ind2=" " tag="300"><subfield code="a">v.</subfield></datafield><datafield ind1=" " ind2=" " tag="310"><subfield code="a">Weekly</subfield></datafield><datafield ind1="1" ind2=" " tag="362"><subfield code="a">Ceased in 1905?</subfield></datafield><datafield ind1=" " ind2=" " tag="500"><subfield code="a">Published as: Weekly Democratic leader, Sept. 13, 1895 and Oct. 4-18, 1895.</subfield></datafield><datafield ind1=" " ind2=" " tag="500"><subfield code="a">"Democratic" appears above masthead ornament, 1889-1894.</subfield></datafield><datafield ind1=" " ind2=" " tag="580"><subfield code="a">Daily eds.: Daily leader (Binghamton, N.Y.), 188&lt;9&gt;-1890; Binghamton leader, 1890-1905.</subfield></datafield><datafield ind1=" " ind2=" " tag="588"><subfield code="a">Description based on: Vol. 20, no. 20 (Jan. 4, 1889).</subfield></datafield><datafield ind1=" " ind2="4" tag="651"><subfield code="a">Binghamton (N.Y.)</subfield><subfield code="v">Newspapers.</subfield></datafield><datafield ind1=" " ind2=" " tag="752"><subfield code="a">United States</subfield><subfield code="b">New York</subfield><subfield code="c">Broome</subfield><subfield code="d">Binghamton.</subfield></datafield><datafield ind1="1" ind2=" " tag="775"><subfield code="t">Daily leader (Binghamton, N.Y.)</subfield><subfield code="w">(DLC)sn 90066572</subfield></datafield><datafield ind1="1" ind2=" " tag="775"><subfield code="t">Binghamton leader</subfield><subfield code="w">(DLC)sn 90066449</subfield></datafield><datafield ind1="0" ind2="0" tag="780"><subfield code="t">Democratic leader (Binghamton, N.Y.)</subfield><subfield code="w">(DLC)sn 83031094</subfield></datafield><datafield ind1="1" ind2=" " tag="029"><subfield code="a">AU@</subfield><subfield code="b">000025870863</subfield></datafield></record>